@misc {leeyiyuan2013tetris,
  title={Tetris AI: The (Near) Perfect Bot},
  author={Lee Yiyuan},
  howpublished={Code My Road: Programming Projects and Articles},
  year={2013},
  url={https://codemyroad.wordpress.com/2013/04/14/tetris-ai-the-near-perfect-player/}
}

@inproceedings{lindstedt2013extreme,
  title={Extreme Expertise: Exploring Expert Behavior in Tetris},
  author={Lindstedt, John and Gray, Wayne},
  booktitle={Proceedings of the 35th Annual Meeting of the Cognitive Science Society, Cooperative Minds: Social Interaction and Group Dynamics},
  pages={912--917},
  year={2013}
}

@inproceedings{shultz2012knowing,
  title={Knowing when to abandon unproductive learning},
  author={Shultz, Thomas R and Doty, Eric and Dandurand, Fr{\'e}d{\'e}ric},
  booktitle={Proceedings of the 34th Annual Conference of the Cognitive Science Society. Austin, TX: Cognitive Science Society},
  pages={2327--32},
  year={2012}
}